@misc{nektar-website,
    title={Nektar++: Spectral/hp element framework},
    url={http://www.nektar.info},
    year={2014}
}

@book{KaSh05,
title={Spectral/hp Element Methods for Computational Fluid Dynamics},
author={Karniadakis, G. E. and Sherwin, S. J.},
publisher={Oxford Science Publications},
year={2005}
}