@misc{nektar-website,
  title        = {Nektar++: Spectral/hp element framework},
  url          = {http://www.nektar.info},
  year         = 2014
}

@article{VoShKi10,
  title        = {From h to p efficiently: Implementing finite and spectral/hp
                  element methods to achieve optimal performance for low-and
                  high-order discretisations},
  author       = {Vos, Peter EJ and Sherwin, Spencer J and Kirby, Robert M},
  journal      = {Journal of Computational Physics},
  volume       = 229,
  number       = 13,
  pages        = {5161--5181},
  year         = 2010,
  publisher    = {Elsevier}
}

@article{CaShKiKe11b,
  author       = {Cantwell, C. D. and Sherwin, S. J. and Kirby, R. M. and Kelly,
                  P. H. J.},
  title        = "From h to p efficiently: selecting the optimal spectral/hp
                  discretisation in three dimensions",
  journal      = "Math. Mod. Nat. Phenom.",
  volume       = 6,
  issue        = 3,
  pages        = "84--96",
  year         = 2011
}

@article{CaShKiKe11a,
  author       = "Cantwell, C. D. and Sherwin, S. J. and Kirby, R. M. and Kelly,
                  P. H. J.",
  title        = "From h to p efficiently: strategy selection for operator
                  evaluation on hexahedral and tetrahedral elements.",
  journal      = "Computers \& Fluids",
  volume       = "43",
  pages        = "23--28",
  year         = "2011"
}
